<?xml version="1.0" encoding="UTF-8"?><collection xmlns="http://www.loc.gov/MARC21/slim"><record><leader>00518nam--2200181-i-4500</leader><controlfield tag="001">000004817</controlfield><controlfield tag="002">20161230</controlfield><controlfield tag="005">20170127233358</controlfield><controlfield tag="008">060222s1000------------r-----000-0-fre-d</controlfield><datafield ind1=" " ind2=" " tag="040"><subfield code="a">IFIN-HH</subfield></datafield><datafield ind1=" " ind2=" " tag="041"><subfield code="a">fre</subfield></datafield><datafield ind1="1" ind2=" " tag="100"><subfield code="a">Dugas, Rene</subfield></datafield><datafield ind1="1" ind2="0" tag="245"><subfield code="a">La theorie physique au sens de boltzmann et ses prolongements modernes. Preface de Louis de Broglie</subfield><subfield code="c">Rene dugas</subfield></datafield><datafield ind1=" " ind2=" " tag="260"><subfield code="a">Paris</subfield><subfield code="b">Dunod</subfield><subfield code="c">1959</subfield></datafield><datafield ind1=" " ind2=" " tag="300"><subfield code="a">308 p</subfield></datafield><datafield ind1=" " ind2=" " tag="490"><subfield code="a">Bibliotheque Scientifique.33</subfield></datafield><datafield ind1=" " ind2=" " tag="852"><subfield code="a">14759</subfield><subfield code="c">53.01</subfield></datafield><datafield ind1=" " ind2=" " tag="CAT"><subfield code="a">SYS</subfield><subfield code="c">20170127</subfield><subfield code="h">233358</subfield></datafield></record></collection>